@Article{Reich2013,
author="Reich, Yoram
and Subrahmanian, Eswaran",
title="Philosophy of design, science of design, engineering (of) design: what is your choice?",
journal="Research in Engineering Design",
year="2013",
month="Oct",
day="01",
volume="24",
number="4",
pages="321--323",
issn="1435-6066",
doi="10.1007/s00163-013-0163-3",
url="https://doi.org/10.1007/s00163-013-0163-3"
}
